@article{amodei2016concrete,
  title={Concrete problems in AI safety},
  author={Amodei, Dario and Olah, Chris and Steinhardt, Jacob and Christiano, Paul and Schulman, John and Man{\'e}, Dan},
  journal={arXiv preprint arXiv:1606.06565},
  year={2016}
}

@misc{skalse2022definingcharacterizingrewardhacking,
      title={Defining and Characterizing Reward Hacking}, 
      author={Joar Skalse and Nikolaus H. R. Howe and Dmitrii Krasheninnikov and David Krueger},
      year={2022},
      eprint={2209.13085},
      archivePrefix={arXiv},
      primaryClass={cs.LG},
      url={https://arxiv.org/abs/2209.13085}, 
}

@misc{pan2022effectsrewardmisspecificationmapping,
      title={The Effects of Reward Misspecification: Mapping and Mitigating Misaligned Models}, 
      author={Alexander Pan and Kush Bhatia and Jacob Steinhardt},
      year={2022},
      eprint={2201.03544},
      archivePrefix={arXiv},
      primaryClass={cs.LG},
      url={https://arxiv.org/abs/2201.03544}, 
}

@misc{baumli2024visionlanguagemodelssourcerewards,
      title={Vision-Language Models as a Source of Rewards}, 
      author={Kate Baumli and Satinder Baveja and Feryal Behbahani and Harris Chan and Gheorghe Comanici and Sebastian Flennerhag and Maxime Gazeau and Kristian Holsheimer and Dan Horgan and Michael Laskin and Clare Lyle and Hussain Masoom and Kay McKinney and Volodymyr Mnih and Alexander Neitz and Dmitry Nikulin and Fabio Pardo and Jack Parker-Holder and John Quan and Tim Rockt√§schel and Himanshu Sahni and Tom Schaul and Yannick Schroecker and Stephen Spencer and Richie Steigerwald and Luyu Wang and Lei Zhang},
      year={2024},
      eprint={2312.09187},
      archivePrefix={arXiv},
      primaryClass={cs.LG},
      url={https://arxiv.org/abs/2312.09187}, 
}
